/Users/renggli/University/git/scgbib/scg.bib